<record><leader>00000cas a22000007a 4500</leader><controlfield tag="001">21722589</controlfield><controlfield tag="008">900607d19781980ohuwr ne      0    0eng d</controlfield><datafield ind1=" " ind2=" " tag="010"><subfield code="a">sn 90068994 </subfield></datafield><datafield ind1=" " ind2=" " tag="040"><subfield code="a">ONP</subfield><subfield code="b">eng</subfield><subfield code="c">ONP</subfield><subfield code="d">OCLCQ</subfield></datafield><datafield ind1=" " ind2=" " tag="042"><subfield code="a">msc</subfield></datafield><datafield ind1="0" ind2="0" tag="245"><subfield code="a">Botkins times.</subfield></datafield><datafield ind1=" " ind2=" " tag="260"><subfield code="a">Wapakoneta, Ohio :</subfield><subfield code="b">Daily News Print. Co.,</subfield><subfield code="c">1978-1980.</subfield></datafield><datafield ind1=" " ind2=" " tag="300"><subfield code="a">v.</subfield></datafield><datafield ind1=" " ind2=" " tag="310"><subfield code="a">Weekly</subfield></datafield><datafield ind1="0" ind2=" " tag="362"><subfield code="a">Vol. 1, no. 1 (Aug. 2, 1978)-v. 2, no. 36 (Apr. 2, 1980).</subfield></datafield><datafield ind1=" " ind2=" " tag="752"><subfield code="a">United States</subfield><subfield code="b">Ohio</subfield><subfield code="c">Auglaize</subfield><subfield code="d">Wapakoneta.</subfield></datafield><datafield ind1=" " ind2=" " tag="752"><subfield code="a">United States</subfield><subfield code="b">Ohio</subfield><subfield code="c">Shelby</subfield><subfield code="d">Botkins.</subfield></datafield><datafield ind1="0" ind2="0" tag="785"><subfield code="t">Botkins-Anna times</subfield><subfield code="w">(DLC)sn 80002124</subfield></datafield></record>